<?xml version="1.0" encoding="utf-8"?>
<record xmlns="http://www.loc.gov/MARC21/slim" xmlns:xsi="http://www.w3.org/2001/XMLSchema-instance" xsi:schemaLocation="http://www.loc.gov/MARC21/slim http://www.loc.gov/standards/marcxml/schema/MARC21slim.xsd">
	<leader>     nam a22        4500</leader>
	<controlfield tag="001">001678774</controlfield>
	<controlfield tag="003">NNU</controlfield>
	<controlfield tag="006">m        d        </controlfield>
	<controlfield tag="007">cr cn |||m|||a</controlfield>
	<controlfield tag="008">160519s1879    ua      o     000 0 arard</controlfield>
	<datafield ind1=" " ind2=" " tag="040">
		<subfield code="a">NNU</subfield>
		<subfield code="b">eng</subfield>
		<subfield code="e">rda</subfield>
		<subfield code="c">NNU</subfield>
	</datafield>
	<datafield ind1=" " ind2=" " tag="043">
		<subfield code="a">f-ua---</subfield>
	</datafield>
	<datafield ind1=" " ind2="4" tag="050">
		<subfield code="a">DT95</subfield>
		<subfield code="b">.I8 1879</subfield>
	</datafield>
	<datafield ind1="1" ind2=" " tag="100">
		<subfield code="6">880-01</subfield>
		<subfield code="a">Isḥāqī, Muḥammad ibn ʻAbd al-Muʻṭī,</subfield>
		<subfield code="d">-1649 or 1650.</subfield>
	</datafield>
	<datafield ind1="1" ind2="0" tag="240">
		<subfield code="6">880-02</subfield>
		<subfield code="a">Akhbār al-uwal fī-man taṣarrafa fī Miṣr min arbāb al-duwal</subfield>
	</datafield>
	<datafield ind1="1" ind2="0" tag="245">
		<subfield code="6">880-03</subfield>
		<subfield code="a">Kitāb akhbār al-uwal fī-man taṣarrafa fī Miṣr min arbāb al-duwal /</subfield>
		<subfield code="c">taʼlīf Muḥammad ʻAbd al-Muʻṭī ibn Abī al-Fatḥ ibn Aḥmad ibn ʻAbd al-Mughnī ibn ʻAlī al-Isḥāqī al-Munūfī. wa-bi-hāmisihi Tuḥfat al-nāẓirīn fī-man waliya Miṣr min al-wulāh wa-al-salāṭīn / taʼlīf ʻAbd Allāh al-Sharqāwī.</subfield>
	</datafield>
	<datafield ind1="3" ind2=" " tag="246">
		<subfield code="6">880-04</subfield>
		<subfield code="a">Tuḥfat al-nāẓirīn fī-man waliya Miṣr min al-wulāh wa-al-Salāṭīn</subfield>
	</datafield>
	<datafield ind1=" " ind2=" " tag="260">
		<subfield code="6">880-05</subfield>
		<subfield code="a">[Cairo] :</subfield>
		<subfield code="b">[al-Maṭbaʻah al-Ḥusaynīyah],</subfield>
		<subfield code="c">1296 [1879]</subfield>
	</datafield>
	<datafield ind1=" " ind2=" " tag="300">
		<subfield code="a">online resource (278 pages)</subfield>
	</datafield>
	<datafield ind1=" " ind2=" " tag="336">
		<subfield code="a">text</subfield>
		<subfield code="2">rdacontent</subfield>
	</datafield>
	<datafield ind1=" " ind2=" " tag="337">
		<subfield code="a">computer</subfield>
		<subfield code="2">rdamedia</subfield>
	</datafield>
	<datafield ind1=" " ind2=" " tag="338">
		<subfield code="a">online resource</subfield>
		<subfield code="2">rdacarrier</subfield>
	</datafield>
	<datafield ind1=" " ind2=" " tag="500">
		<subfield code="a">Part of the Arabic Collections Online (ACO) project, contributed by New York Univeristy Libraries.</subfield>
	</datafield>
	<datafield ind1=" " ind2=" " tag="533">
		<subfield code="a">Electronic reproduction.</subfield>
		<subfield code="b">New York, N.Y. :</subfield>
		<subfield code="c">New York University,</subfield>
		<subfield code="d">2016.</subfield>
		<subfield code="5">NNU</subfield>
	</datafield>
	<datafield ind1=" " ind2="0" tag="651">
		<subfield code="a">Egypt</subfield>
		<subfield code="x">History</subfield>
		<subfield code="y">1250-1517.</subfield>
	</datafield>
	<datafield ind1=" " ind2="7" tag="651">
		<subfield code="a">Egypt.</subfield>
		<subfield code="2">fast</subfield>
		<subfield code="0">(OCoLC)fst01208755</subfield>
	</datafield>
	<datafield ind1=" " ind2="7" tag="648">
		<subfield code="a">1250 - 1517.</subfield>
		<subfield code="2">fast</subfield>
	</datafield>
	<datafield ind1=" " ind2="7" tag="655">
		<subfield code="a">History.</subfield>
		<subfield code="2">fast</subfield>
		<subfield code="0">(OCoLC)fst01411628</subfield>
	</datafield>
	<datafield ind1="1" ind2=" " tag="700">
		<subfield code="6">880-06</subfield>
		<subfield code="a">Sharqāwī, ʻAbd Allāh ibn Ḥijāzī,</subfield>
		<subfield code="d">1737 or 1738-1812 or 1813.</subfield>
		<subfield code="t">Tuḥfat al-nāẓirīn fī-man Waliya Miṣr min al-Wulāh wa-al-Salāṭīn.</subfield>
	</datafield>
	<datafield ind1="2" ind2=" " tag="710">
		<subfield code="a">New York University.</subfield>
		<subfield code="b">Libraries.</subfield>
	</datafield>
	<datafield ind1="0" ind2=" " tag="730">
		<subfield code="a">Arabic Collections Online.</subfield>
	</datafield>
	<datafield ind1="0" ind2="8" tag="776">
		<subfield code="i">Print version:</subfield>
		<subfield code="a">Isḥāqī, Muḥammad ibn ʻAbd al-Muʻṭī, -1649 or 1650.</subfield>
		<subfield code="t">Kitāb akhbār al-uwal fī-man taṣarrafa fī Miṣr min arbāb al-duwal</subfield>
		<subfield code="w">(NNU)001678774</subfield>
	</datafield>
	<datafield ind1="4" ind2="0" tag="856">
		<subfield code="u">http://hdl.handle.net/2333.1/3j9kd82p</subfield>
	</datafield>
	<datafield ind1="1" ind2=" " tag="880">
		<subfield code="6">100-01/</subfield>
		<subfield code="a">إسحاقي، محمد بن عبد المعطي،</subfield>
		<subfield code="d">-1649 or 1650.</subfield>
	</datafield>
	<datafield ind1="1" ind2="0" tag="880">
		<subfield code="6">240-02/</subfield>
		<subfield code="a">‏أخبار الأول فيمن تصرف في مصر من أرباب الدول</subfield>
	</datafield>
	<datafield ind1="1" ind2="0" tag="880">
		<subfield code="6">245-03/</subfield>
		<subfield code="a">‏كتاب أخبار الأول فيمن تصرف في مصر من أرباب الدول /‏</subfield>
		<subfield code="c">‏تأليف محمد عبد المعطي بن أبي الفتح بن أحمد بن عبد المغني بن علي الإسحاقي المنوفي. وبهامشه تحفة الناظر فيمن ولي مصر من الولاة والسلاطين / تأليف عبد الله الشرقاوي.</subfield>
	</datafield>
	<datafield ind1="3" ind2=" " tag="880">
		<subfield code="6">246-04/</subfield>
		<subfield code="a">تحفة الناظر فيمن ولي مصر من الولاة والسلاطين.</subfield>
	</datafield>
	<datafield ind1=" " ind2=" " tag="880">
		<subfield code="6">260-05/</subfield>
		<subfield code="a">[القاهرة] :</subfield>
		<subfield code="b">[المطبعة الحسينية]،</subfield>
		<subfield code="c">1296 [1879]</subfield>
	</datafield>
	<datafield ind1="1" ind2=" " tag="880">
		<subfield code="6">700-06/</subfield>
		<subfield code="a">‏شرقاوي، عبد الله بن حجازي.‏</subfield>
		<subfield code="t">‏تحفة الناظر فيمن ولي مصر من الولاة والسلاطين.</subfield>
	</datafield>
	<datafield ind1=" " ind2=" " tag="959">
		<subfield code="a">NNU</subfield>
		<subfield code="b">WEB</subfield>
		<subfield code="c">GENI</subfield>
		<subfield code="t">0</subfield>
		<subfield code="m">Electronic access</subfield>
		<subfield code="s">01</subfield>
	</datafield>
	<datafield ind1=" " ind2=" " tag="999">
		<subfield code="i">NNU_001678774</subfield>
		<subfield code="s">nyu_aco001511</subfield>
	</datafield>
</record>
